@article{sparck1972statistical,
  title={A statistical interpretation of term specificity and its application in retrieval},
  author={Sparck Jones, Karen},
  journal={Journal of documentation},
  volume={28},
  number={1},
  pages={11--21},
  year={1972},
  publisher={MCB UP Ltd}
}
@INPROCEEDINGS{6845978, 
author={T. F. Lin and Y. P. Chi}, 
booktitle={2014 International Symposium on Computer, Consumer and Control}, 
title={Application of Webpage Optimization for Clustering System on Search Engine V Google Study}, 
year={2014}, 
volume={}, 
number={}, 
pages={698-701}, 
keywords={Web sites;data mining;indexing;information retrieval;pattern clustering;search engines;statistical analysis;Google study;TF-IDF technology;Web page optimization;Web site exposure level;click through rate;data mining;indexing quality examination;information retrieval;k-means clustering system;search engine optimization;term frequency inverse document frequency technology;user browsing behavior;Context;Couplings;Google;HTML;Optimization;Search engines;Testing;EC;SEO;data mining;eMarketing;search engine}, 
doi={10.1109/IS3C.2014.186}, 
ISSN={}, 
month={June},}
@INPROCEEDINGS{7560393, 
author={A. Guo and T. Yang}, 
booktitle={2016 IEEE Information Technology, Networking, Electronic and Automation Control Conference}, 
title={Research and improvement of feature words weight based on TFIDF algorithm}, 
year={2016}, 
volume={}, 
number={}, 
pages={415-419}, 
keywords={Big Data;cloud computing;data analysis;natural language processing;pattern classification;text analysis;Big Data;TFIDF algorithm;cloud computing;data analysis methods;feature word distribution;feature word weight calculation method;intra-class dispersion;text classification;unstructured data classification;Algorithm design and analysis;Big data;Classification algorithms;Dispersion;Documentation;Entropy;Text categorization;Feature selection;Feature weighting;TFIDF algorithm;Text classification}, 
doi={10.1109/ITNEC.2016.7560393}, 
ISSN={}, 
month={May},}
@article{blei2003latent,
  title={Latent dirichlet allocation},
  author={Blei, David M and Ng, Andrew Y and Jordan, Michael I},
  journal={Journal of machine Learning research},
  volume={3},
  number={Jan},
  pages={993--1022},
  year={2003}
}
@article{pritchard2000inference,
  title={Inference of population structure using multilocus genotype data},
  author={Pritchard, Jonathan K and Stephens, Matthew and Donnelly, Peter},
  journal={Genetics},
  volume={155},
  number={2},
  pages={945--959},
  year={2000},
  publisher={Genetics Soc America}
}
@inproceedings{yao2009efficient,
  title={Efficient methods for topic model inference on streaming document collections},
  author={Yao, Limin and Mimno, David and McCallum, Andrew},
  booktitle={Proceedings of the 15th ACM SIGKDD international conference on Knowledge discovery and data mining},
  pages={937--946},
  year={2009},
  organization={ACM}
}
@misc{patent4839853,
  title={Computer information retrieval using latent semantic structure},
  author={Scott C. Deerwester and Susan T. Dumais and George W. Furnas and Richard A. Harshman and Thomas K. Landauer and Karen E. Lochbaum and Lynn A. Streeter },
  year={1988},
  month={May},
  publisher={Google Patents},
  note={US Patent 4,839,853}
}
@article{porter1980algorithm,
  title={An algorithm for suffix stripping},
  author={Porter, Martin F},
  journal={Program},
  volume={14},
  number={3},
  pages={130--137},
  year={1980},
  publisher={MCB UP Ltd}
}
@INPROCEEDINGS{8323808, 
author={A. K. Diop and S. Meza and M. Gordan and A. Vlaicu}, 
booktitle={2018 20th International Conference on Advanced Communication Technology (ICACT)}, 
title={LDA based classification of video surveillance sequences using motion information}, 
year={2018}, 
volume={}, 
number={}, 
pages={499-502}, 
keywords={computer vision;feature extraction;image classification;image motion analysis;image sequences;security;text analysis;video signal processing;video surveillance;LDA based classification;Latent Dirichlet Allocation;computer vision;motion information words;text documents;topic classification;video sequence classification;video surveillance sequences;Mathematical model;Probability distribution;Resource management;Streaming media;Video sequences;Video surveillance;Vocabulary;Latent Dirichlet Allocation (LDA);motion information;probability distribution;video surveillance}, 
doi={10.23919/ICACT.2018.8323808}, 
ISSN={}, 
month={Feb},}
@ARTICLE{1427769, 
author={Rui Xu and D. Wunsch}, 
journal={IEEE Transactions on Neural Networks}, 
title={Survey of clustering algorithms}, 
year={2005}, 
volume={16}, 
number={3}, 
pages={645-678}, 
keywords={data analysis;pattern classification;pattern clustering;benchmark data sets;bioinformatics;cluster analysis;data analysis;traveling salesman problem;Application software;Bioinformatics;Clustering algorithms;Computer science;Data analysis;Humans;Machine learning;Machine learning algorithms;Statistics;Traveling salesman problems;Adaptive resonance theory (ART);cluster validation;clustering;clustering algorithm;neural networks;proximity;self-organizing feature map (SOFM);Algorithms;Computer Simulation;Models, Statistical;Neural Networks (Computer);Numerical Analysis, Computer-Assisted;Pattern Recognition, Automated;Signal Processing, Computer-Assisted;Stochastic Processes}, 
doi={10.1109/TNN.2005.845141}, 
ISSN={1045-9227}, 
month={May},}

@ARTICLE{8125189, 
author={T. Iwata and T. Hirao and N. Ueda}, 
journal={IEEE Transactions on Knowledge and Data Engineering}, 
title={Topic Models for Unsupervised Cluster Matching}, 
year={2018}, 
volume={30}, 
number={4}, 
pages={786-795}, 
keywords={document handling;inference mechanisms;pattern clustering;sampling methods;unsupervised learning;vectors;Wikipedia;collapsed Gibbs sampling;common latent topic structure;document clusters;inference procedure;latent topic space;parallel sentences/documents;topic models;topic proportion vector;unsupervised cluster matching;Analytical models;Data models;Dictionaries;Resource management;Sorting;Vocabulary;Topic modeling;clustering;unsupervised object matching}, 
doi={10.1109/TKDE.2017.2778720}, 
ISSN={1041-4347}, 
month={April},}